@book{sheng2009blacklist,
  title={An empirical analysis of phishing blacklists},
  author={Sheng, Steve},
  volume={2},
  year={2009},
  publisher={Sixth Conference on Email and Anti-Spam (CEAS)}
}

@article{joinsoon2013interactive,
  title={Interactive Website Filter for Safe Web Browsing},
  author={Jo, Insoon, Eunjin Jung, and Heon Young Yeom},
  journal={Information Science and Engineering},
  volume={29},
  number={1},
  pages={115-131},
  year={2013},
  publisher={IEEE}
}

@book{wangguang2014favicon,
  title={Favicon â€“ a Clue to Phishing Sites Detection},
  author={Wei Wang, Guang-Gang Geng Xiao-Dong Lee, and Shian-Shyong Tseng},
  year={2014},
  publisher={IEEE}
}
